@inproceedings{Agrawal:1993:MAR:170035.170072,
	author = {Agrawal, Rakesh and Imieli\'{n}ski, Tomasz and Swami, Arun},
	title = {Mining association rules between sets of items in large databases},
	booktitle = {Proceedings of the 1993 ACM SIGMOD international conference on Management of data},
	series = {SIGMOD '93},
	year = {1993},
	isbn = {0-89791-592-5},
	location = {Washington, D.C., United States},
	pages = {207--216},
	numpages = {10},
	url = {http://doi.acm.org/10.1145/170035.170072},
	doi = {http://doi.acm.org/10.1145/170035.170072},
	acmid = {170072},
	publisher = {ACM},
	address = {New York, NY, USA},
} 
@inproceedings{Agrawal:1994:FAM:645920.672836,
	author = {Agrawal, Rakesh and Srikant, Ramakrishnan},
	title = {Fast Algorithms for Mining Association Rules in Large Databases},
	booktitle = {Proceedings of the 20th International Conference on Very Large Data Bases},
	series = {VLDB '94},
	year = {1994},
	isbn = {1-55860-153-8},
	pages = {487--499},
	numpages = {13},
	url = {http://dl.acm.org/citation.cfm?id=645920.672836},
	acmid = {672836},
	publisher = {Morgan Kaufmann Publishers Inc.},
	address = {San Francisco, CA, USA},
} 
